@article{mell2011nist,
  title={The NIST definition of cloud computing},
  author={Mell, Peter and Grance, Tim},
  year={2011},
  journal={The NIST definition of cloud computing},
  publisher={Computer Security Division, Information Technology Laboratory, National Institute of Standards and Technology Gaithersburg}
}

@inproceedings{chieu2009dynamic,
  title={Dynamic scaling of web applications in a virtualized cloud computing environment},
  author={Chieu, Trieu C and Mohindra, Ajay and Karve, Alexei A and Segal, Alla},
  booktitle={e-Business Engineering, 2009. ICEBE'09. IEEE International Conference on},
  pages={281--286},
  year={2009},
  organization={IEEE}
}

@article{shumway2006time,
  title={Time series analysis and its application with R examples},
  author={Shumway, Robert H and Stoffer, David S},
  journal={University of California, Davis, CA},
  year={2006}
}

@book{wei1994time,
  title={Time series analysis},
  author={Wei, William Wu-Shyong},
  year={1994},
  publisher={Addison-Wesley publ Reading}
}

@book{whitle1951hypothesis,
  title={Hypothesis testing in time series analysis},
  author={Whitle, Peter},
  volume={4},
  year={1951},
  publisher={Almqvist \& Wiksells}
}


@book{box2015time,
  title={Time series analysis: forecasting and control},
  author={Box, George EP and Jenkins, Gwilym M and Reinsel, Gregory C and Ljung, Greta M},
  year={2015},
  publisher={John Wiley \& Sons}
}


@inproceedings{chieu2011dynamic,
  title={Dynamic resource allocation via distributed decisions in cloud environment},
  author={Chieu, Trieu C and Chan, Hoi},
  booktitle={e-Business Engineering (ICEBE), 2011 IEEE 8th International Conference on},
  pages={125--130},
  year={2011},
  organization={IEEE}
}


@article{bhardwaj2010cloud,
  title={Cloud computing: A study of infrastructure as a service (IAAS)},
  author={Bhardwaj, Sushil and Jain, Leena and Jain, Sandeep},
  journal={International Journal of engineering and information Technology},
  volume={2},
  number={1},
  pages={60--63},
  year={2010}
}

@article{lawton2008developing,
  title={Developing software online with platform-as-a-service technology},
  author={Lawton, George},
  journal={Computer},
  volume={41},
  number={6},
  pages={13--15},
  year={2008},
  publisher={IEEE}
}

@article{dubey2007delivering,
  title={Delivering software as a service},
  author={Dubey, Abhijit and Wagle, Dilip},
  journal={The McKinsey Quarterly},
  volume={6},
  number={2007},
  pages={2007},
  year={2007}
}

@article{vaquero2011dynamically,
  title={Dynamically scaling applications in the cloud},
  author={Vaquero, Luis M and Rodero-Merino, Luis and Buyya, Rajkumar},
  journal={ACM SIGCOMM Computer Communication Review},
  volume={41},
  number={1},
  pages={45--52},
  year={2011},
  publisher={ACM}
}


@article{amazon2010amazon,
  title={Amazon elastic compute cloud (Amazon EC2)},
  author={Amazon, EC},
  journal={Amazon Elastic Compute Cloud (Amazon EC2)},
  year={2010}
}

@misc{rackspace2010inc,
  title={Inc.,“The Rackspace Cloud,”},
  author={Rackspace, US},
  year={2010}
}

@article{joegoogle,
  title={Google App Engine},
  author={Joe Gregorio, A and One, Campfire},
  year={2012},
  journal={Google Inc.}
}
@inproceedings{weissman2009design,
  title={The design of the force. com multitenant internet application development platform.},
  author={Weissman, Craig D and Bobrowski, Steve},
  booktitle={SIGMOD Conference},
  pages={889--896},
  year={2009}
}

@book{wilder2012cloud,
  title={Cloud architecture patterns: using microsoft azure},
  author={Wilder, Bill},
  year={2012},
  publisher={" O'Reilly Media, Inc."}
}

@incollection{wilson2014microsoft,
  title={Microsoft Office 365},
  author={Wilson, Kevin},
  booktitle={Using Office 365},
  pages={1--14},
  year={2014},
  publisher={Springer}
}

@article{zhou2012google,
  title={Google Docs in an Out-of-Class Collaborative Writing Activity.},
  author={Zhou, Wenyi and Simpson, Elizabeth and Domizi, Denise Pinette},
  journal={International Journal of Teaching and Learning in Higher Education},
  volume={24},
  number={3},
  pages={359--375},
  year={2012},
  publisher={ERIC}
}

@article{cusumano2010cloud,
  title={Cloud computing and SaaS as new computing platforms},
  author={Cusumano, Michael},
  journal={Communications of the ACM},
  volume={53},
  number={4},
  pages={27--29},
  year={2010},
  publisher={ACM}
}

@article{armbrust2010view,
  title={A view of cloud computing},
  author={Armbrust, Michael and Fox, Armando and Griffith, Rean and Joseph, Anthony D and Katz, Randy and Konwinski, Andy and Lee, Gunho and Patterson, David and Rabkin, Ariel and Stoica, Ion and others},
  journal={Communications of the ACM},
  volume={53},
  number={4},
  pages={50--58},
  year={2010},
  publisher={ACM}
}

@article{he2014cost,
  title={On the Cost--QoE tradeoff for cloud-based video streaming under Amazon EC2's pricing models},
  author={He, Jian and Wen, Yonggang and Huang, Jianwei and Wu, Di},
  journal={Circuits and Systems for Video Technology, IEEE Transactions on},
  volume={24},
  number={4},
  pages={669--680},
  year={2014},
  publisher={IEEE}
}

@book{van2011programming,
  title={Programming Amazon EC2},
  author={Van Vliet, Jurg and Paganelli, Flavia},
  year={2011},
  publisher={" O'Reilly Media, Inc."}
}

@article{bellenger2011scaling,
  title={Scaling in cloud environments},
  author={Bellenger, Dominique and Bertram, Jens and Budina, Andy and Koschel, Arne and Pfaender, Benjamin and Serowy, Carsten and Astrova, Irina and Grivas, Stella Gatziu and Schaaf, Marc},
  journal={Recent Researches in Computer Science},
  volume={33},
  year={2011}
}


@misc{vmwareesx,
  author = {VMware},
  title = {VMware ESXi},
  howpublished = {\url{https://www.vmware.com/products/esxi-and-esx/overview}},
  year = {2015},
  note = {[Online; accessed 7-May-2015]}
}

@misc{timeseriesdefinition,
  author = {Richard Weber},
  title = {TIME SERIES},
  howpublished = {\url{http://www.statslab.cam.ac.uk/~rrw1/timeseries/t.pdf}},
  year = {2015},
  note = {[Online; accessed 7-May-2015]}
}


@misc{xenhyper,
  author = {Xen},
  title = {Xen},
  howpublished = {\url{http://www.xenproject.org}},
  year = {2015},
  note = {[Online; accessed 7-May-2015]}
}

@misc{kvmhyper,
  author = {KVM},
  title = {KVM},
  howpublished = {\url{http://www.linux-kvm.org/page/Main\_Page}},
  year = {2015},
  note = {[Online; accessed 7-May-2015]}
}

@inproceedings{galante2012survey,
  title={A survey on cloud computing elasticity},
  author={Galante, Guilherme and de Bona, Luis Carlos E},
  booktitle={Utility and Cloud Computing (UCC), 2012 IEEE Fifth International Conference on},
  pages={263--270},
  year={2012},
  organization={IEEE}
}

@article{dawoud2013scalability,
  title={Scalability and performance management of internet applications in the cloud},
  author={Dawoud, Wesam},
  journal={Communication Infrastructures for Cloud Computing},
  pages={434},
  year={2013},
  publisher={IGI Global}
}

@article{lorido2012auto,
  title={Auto-scaling techniques for elastic applications in cloud environments},
  author={Lorido-Botr{\'a}n, Tania and Miguel-Alonso, Jos{\'e} and Lozano, Jose Antonio},
  journal={Department of Computer Architecture and Technology, University of Basque Country, Tech. Rep. EHU-KAT-IK-09},
  volume={12},
  pages={2012},
  year={2012}
}

@misc{AmazonAutoScale,
  title = {{Amazon Auto Scale EC2}},
  howpublished = {\url{https://aws.amazon.com/autoscaling/}},
  note = {Accessed: 2015-05-22}
}

@misc{Rightscale,
  title = {{Rightscale}},
  howpublished = {\url{http://www.rightscale.com/}},
  note = {Accessed: 2015-05-22}
}

@misc{Azurewatch,
  title = {{AzureWatch}},
  howpublished = {\url{http://www.paraleap.com/azurewatch}},
  note = {Accessed: 2015-05-22}
}


@misc{Greencloud,
  title = {{greencloud}},
  howpublished = {\url{https://greencloud.gforge.uni.lu/}},
  note = {Accessed: 2015-05-22}
}

@misc{Cloudsim,
  title = {{Cloudsim}},
  howpublished = {\url{http://www.cloudbus.org/cloudsim/}},
  note = {Accessed: 2015-05-22}
}


@misc{Reinforced,
  title = {{Reinforcement Learning: An Introduction}},
  howpublished = {\url{http://webdocs.cs.ualberta.ca/~sutton/book/ebook/}},
  note = {Accessed: 2015-05-22}
}

@misc{AlexanderSim,
  title = {{Cloud Simulators for Research and Development}},
  howpublished = {\url{http://alexpucher.com/blog/2015/07/20/cloud-simulators-for-reasearch-and-development/}},
  note = {Accessed: 2015-05-22}
}

@article{kupferman2009scaling,
  title={Scaling into the cloud},
  author={Kupferman, Jonathan and Silverman, Jeff and Jara, Patricio and Browne, Jeff},
  journal={CS270-advanced operating systems},
  year={2009}
}

@inproceedings{yazdanov2013vscaler,
  title={Vscaler: Autonomic virtual machine scaling},
  author={Yazdanov, Lenar and Fetzer, Christof},
  booktitle={2013 IEEE Sixth International Conference on Cloud Computing},
  pages={212--219},
  year={2013},
  organization={IEEE}
}

@inproceedings{rao2009vconf,
  title={VCONF: a reinforcement learning approach to virtual machines auto-configuration},
  author={Rao, Jia and Bu, Xiangping and Xu, Cheng-Zhong and Wang, Leyi and Yin, George},
  booktitle={Proceedings of the 6th international conference on Autonomic computing},
  pages={137--146},
  year={2009},
  organization={ACM}
}

@inproceedings{dutreilh2011using,
  title={Using reinforcement learning for autonomic resource allocation in clouds: towards a fully automated workflow},
  author={Dutreilh, Xavier and Kirgizov, Sergey and Melekhova, Olga and Malenfant, Jacques and Rivierre, Nicolas and Truck, Isis},
  booktitle={Int. Conf. on Autonomic and Autonomous Systems},
  pages={67--74},
  year={2011}
}

@article{barrett2013applying,
  title={Applying reinforcement learning towards automating resource allocation and application scalability in the cloud},
  author={Barrett, Enda and Howley, Enda and Duggan, Jim},
  journal={Concurrency and Computation: Practice and Experience},
  volume={25},
  number={12},
  pages={1656--1674},
  year={2013},
  publisher={Wiley Online Library}
}

@phdthesis{herbst2012workload,
  title={Workload Classification and Forecasting},
  author={Herbst, Nikolas Roman},
  year={2012},
  school={IBM}
}

@inproceedings{roy2011efficient,
  title={Efficient autoscaling in the cloud using predictive models for workload forecasting},
  author={Roy, Nilabja and Dubey, Abhishek and Gokhale, Aniruddha},
  booktitle={Cloud Computing (CLOUD), 2011 IEEE International Conference on},
  pages={500--507},
  year={2011},
  organization={IEEE}
}
@article{islam2012empirical,
  title={Empirical prediction models for adaptive resource provisioning in the cloud},
  author={Islam, Sadeka and Keung, Jacky and Lee, Kevin and Liu, Anna},
  journal={Future Generation Computer Systems},
  volume={28},
  number={1},
  pages={155--162},
  year={2012},
  publisher={Elsevier}
}

@article{dean2008mapreduce,
  title={MapReduce: simplified data processing on large clusters},
  author={Dean, Jeffrey and Ghemawat, Sanjay},
  journal={Communications of the ACM},
  volume={51},
  number={1},
  pages={107--113},
  year={2008},
  publisher={ACM}
}

@article{calheiros2011cloudsim,
  title={CloudSim: a toolkit for modeling and simulation of cloud computing environments and evaluation of resource provisioning algorithms},
  author={Calheiros, Rodrigo N and Ranjan, Rajiv and Beloglazov, Anton and De Rose, C{\'e}sar AF and Buyya, Rajkumar},
  journal={Software: Practice and Experience},
  volume={41},
  number={1},
  pages={23--50},
  year={2011},
  publisher={Wiley Online Library}
}

@article{kliazovich2012greencloud,
  title={GreenCloud: a packet-level simulator of energy-aware cloud computing data centers},
  author={Kliazovich, Dzmitry and Bouvry, Pascal and Khan, Samee Ullah},
  journal={The Journal of Supercomputing},
  volume={62},
  number={3},
  pages={1263--1283},
  year={2012},
  publisher={Springer}
}

@inproceedings{kim2015pics,
  title={PICS: A Public IaaS Cloud Simulator},
  author={Kim, In Kee and Wang, Wei and Humphrey, Marty},
  booktitle={Cloud Computing (CLOUD), 2015 IEEE 8th International Conference on},
  pages={211--220},
  year={2015},
  organization={IEEE}
}

@inproceedings{sharma2011cost,
  title={A cost-aware elasticity provisioning system for the cloud},
  author={Sharma, Upendra and Shenoy, Prashant and Sahu, Sambit and Shaikh, Anees},
  booktitle={Distributed Computing Systems (ICDCS), 2011 31st International Conference on},
  pages={559--570},
  year={2011},
  organization={IEEE}
}

@inproceedings{gong2010press,
  title={Press: Predictive elastic resource scaling for cloud systems},
  author={Gong, Zhenhuan and Gu, Xiaohui and Wilkes, John},
  booktitle={Network and Service Management (CNSM), 2010 International Conference on},
  pages={9--16},
  year={2010},
  organization={IEEE}
}

@inproceedings{nguyen2013agile,
  title={Agile: Elastic distributed resource scaling for infrastructure-as-a-service},
  author={Nguyen, Hiep and Shen, Zhiming and Gu, Xiaohui and Subbiah, Sethuraman and Wilkes, John},
  booktitle={Proc. of the USENIX International Conference on Automated Computing (ICAC’13). San Jose, CA},
  year={2013}
}

@inproceedings{mao2012performance,
  title={A performance study on the vm startup time in the cloud},
  author={Mao, Ming and Humphrey, Marty},
  booktitle={Cloud Computing (CLOUD), 2012 IEEE 5th International Conference on},
  pages={423--430},
  year={2012},
  organization={IEEE}
}

@inproceedings{han2012lightweight,
  title={Lightweight resource scaling for cloud applications},
  author={Han, Rui and Guo, Li and Ghanem, Moustafa M and Guo, Yike},
  booktitle={Cluster, Cloud and Grid Computing (CCGrid), 2012 12th IEEE/ACM International Symposium on},
  pages={644--651},
  year={2012},
  organization={IEEE}
}


@inproceedings{dhingra2013elastic,
  title={Elastic resources framework in iaas, preserving performance slas},
  author={Dhingra, Mohit and Lakshmi, J and Nandy, SK and Bhattacharyya, Chiranjib and Gopinath, Kanchi},
  booktitle={2013 IEEE Sixth International Conference on Cloud Computing},
  pages={430--437},
  year={2013},
  organization={IEEE}
}

@article{wang2013reserve,
  title={To reserve or not to reserve: Optimal online multi-instance acquisition in iaas clouds},
  author={Wang, Wei and Li, Baochun and Liang, Ben},
  journal={arXiv preprint arXiv:1305.5608},
  year={2013}
}

@techreport{hyndman2007automatic,
  title={Automatic time series for forecasting: the forecast package for R},
  author={Hyndman, Rob J and Khandakar, Yeasmin and others},
  year={2007},
  institution={Monash University, Department of Econometrics and Business Statistics}
}

@book{makridakis2008forecasting,
  title={Forecasting methods and applications},
  author={Makridakis, Spyros and Wheelwright, Steven C and Hyndman, Rob J},
  year={2008},
  publisher={John Wiley \& Sons}
}

@Manual{rstat,
    title = {R: A Language and Environment for Statistical Computing},
    author = {{R Core Team}},
    organization = {R Foundation for Statistical Computing},
    address = {Vienna, Austria},
    year = {2013},
    note = {{ISBN} 3-900051-07-0},
    url = {http://www.R-project.org/},
  }

  @article{hyndman2006another,
  title={Another look at measures of forecast accuracy},
  author={Hyndman, Rob J and Koehler, Anne B},
  journal={International journal of forecasting},
  volume={22},
  number={4},
  pages={679--688},
  year={2006},
  publisher={Elsevier}
}
@book{josephsen2007building,
  title={Building a monitoring infrastructure with Nagios},
  author={Josephsen, David},
  year={2007},
  publisher={Prentice Hall PTR}
}

@inproceedings{von2014limbo,
  title={LIMBO: A tool for modeling variable load intensities},
  author={von Kistowski, J{\'o}akim Gunnarson and Herbst, Nikolas Roman and Kounev, Samuel},
  booktitle={Proceedings of the 5th ACM/SPEC International Conference on Performance Engineering (ICPE 2014)},
  year={2014}
}

@inproceedings{niu2012quality,
  title={Quality-assured cloud bandwidth auto-scaling for video-on-demand applications},
  author={Niu, Di and Xu, Hong and Li, Baochun and Zhao, Shuqiao},
  booktitle={INFOCOM, 2012 Proceedings IEEE},
  pages={460--468},
  year={2012},
  organization={IEEE}
}

@inproceedings{mao2011auto,
  title={Auto-scaling to minimize cost and meet application deadlines in cloud workflows},
  author={Mao, Ming and Humphrey, Marty},
  booktitle={Proceedings of 2011 International Conference for High Performance Computing, Networking, Storage and Analysis},
  pages={49},
  year={2011},
  organization={ACM}
}
